<?xml version="1.0" encoding="UTF-8"?>
<record xmlns="http://www.loc.gov/MARC21/slim" xmlns:xsi="http://www.w3.org/2001/XMLSchema-instance" xsi:schemaLocation="http://www.loc.gov/MARC21/slim http://www.loc.gov/standards/marcxml/schema/MARC21slim.xsd">
<leader>     cam a2200265   4500</leader>
<controlfield tag="001">001677458</controlfield>
<controlfield tag="003">NNU</controlfield>
<controlfield tag="005">20001218200236.0</controlfield>
<controlfield tag="008">900803m19581959sy       b    000 0 arar</controlfield>
<datafield tag="010" ind1=" " ind2=" ">
<subfield code="a">61020368</subfield>
</datafield>
<datafield tag="035" ind1="9" ind2=" ">
<subfield code="a">NYUb12220837</subfield>
</datafield>
<datafield tag="035" ind1=" " ind2=" ">
<subfield code="a">(HOL)AJK3724-0/LAW/1</subfield>
</datafield>
<datafield tag="035" ind1=" " ind2=" ">
<subfield code="a">(CStRLIN)MAHL90-B4425</subfield>
</datafield>
<datafield tag="040" ind1=" " ind2=" ">
<subfield code="c">MH-L</subfield>
<subfield code="d">MH-L</subfield>
</datafield>
<datafield tag="100" ind1="1" ind2=" ">
<subfield code="a">Samarqandī, ʻAlāʼ al-Dīn Muḥammad ibn Aḥmad,</subfield>
<subfield code="d">d. 1144?</subfield>
</datafield>
<datafield tag="245" ind1="1" ind2="0">
<subfield code="a">Tuḥfat al-fuqahāʼ,</subfield>
<subfield code="b">li-ʻAlāʼ al-Dīn Samarqandī. Ḥaqqaqah wa-ʻallaqa ʻalayh wa-yanshuruh li-awwal marrah Muḥammad Zakī ʻAbd al-Barr. Rājaʻa matnahu wa-qaddama lah ʻalā al-khafīf.</subfield>
</datafield>
<datafield tag="250" ind1=" " ind2=" ">
<subfield code="a">al-Ṭabʻah 1.</subfield>
</datafield>
<datafield tag="260" ind1=" " ind2=" ">
<subfield code="a">[Dimashq]</subfield>
<subfield code="b">Maṭbaʻat Jāmiʻat Dimashq,</subfield>
<subfield code="c">1958-1959.</subfield>
</datafield>
<datafield tag="300" ind1=" " ind2=" ">
<subfield code="a">3 v.</subfield>
<subfield code="c">25 cm.</subfield>
</datafield>
<datafield tag="504" ind1=" " ind2=" ">
<subfield code="a">Bibliography: v. 1, p. 32-34 (1st group)</subfield>
</datafield>
<datafield tag="505" ind1="0" ind2=" ">
<subfield code="a">juzʼ 1. al-Ṭahārah. al-Ṣalāh. al-Janāʼiz. al-Zakāh. al-Ṣawm. al-Ḥajj.--juzʼ 2. al-Buyūʻ. al-Nikāḥ. al-Ṭalāq. al-ʻItāq. al-Īmān. al-Ijārah.--juzʼ 3. wa-Yashtamil ʻalā baqiyyat kutub al-Fiqh.</subfield>
</datafield>
<datafield tag="650" ind1=" " ind2="0">
<subfield code="a">Islamic law.</subfield>
</datafield>
<datafield tag="700" ind1="1" ind2=" ">
<subfield code="a">ʻAbd al-Barr, Muḥammad Zakī.</subfield>
</datafield>
<datafield tag="OWN" ind1=" " ind2=" ">
<subfield code="a">GENERAL</subfield>
</datafield>
<datafield tag="950" ind1=" " ind2=" ">
<subfield code="l">BMAIN</subfield>
<subfield code="a">BP175.J5</subfield>
<subfield code="b">S197</subfield>
</datafield>
<datafield tag="955" ind1=" " ind2=" ">
<subfield code="l">BMAIN</subfield>
<subfield code="c">1:v.1</subfield>
<subfield code="r">028184102</subfield>
</datafield>
<datafield tag="998" ind1=" " ind2=" ">
<subfield code="s">9114</subfield>
</datafield>
<datafield tag="AVA" ind1=" " ind2=" ">
<subfield code="a">NYU50</subfield>
<subfield code="b">BOBST</subfield>
<subfield code="c">Main Collection</subfield>
<subfield code="d">BP175.J5 S197</subfield>
<subfield code="e">unavailable</subfield>
<subfield code="t">Unavailable</subfield>
<subfield code="f">1</subfield>
<subfield code="g">1</subfield>
<subfield code="h">Y</subfield>
<subfield code="i">0</subfield>
<subfield code="j">MAIN</subfield>
<subfield code="k">0</subfield>
</datafield>
</record>
